<?xml version="1.0" encoding="UTF-8"?><collection xmlns="http://www.loc.gov/MARC21/slim"><record><leader>00335nam--2200133-i-4500</leader><controlfield tag="001">000045597</controlfield><controlfield tag="002">20161230</controlfield><controlfield tag="005">20161230201045</controlfield><controlfield tag="008">060222s1000------------r-----000-0-eng-d</controlfield><datafield ind1=" " ind2=" " tag="100"><subfield code="a">Turnbull, H.W</subfield></datafield><datafield ind1=" " ind2=" " tag="245"><subfield code="a">Theory of equations</subfield></datafield><datafield ind1=" " ind2=" " tag="260"><subfield code="a">Edinburg, Oliver And Boyd, 1957, Xii+166p</subfield></datafield><datafield ind1=" " ind2=" " tag="490"><subfield code="a">Univ.Mathematical Texts</subfield></datafield><datafield ind1=" " ind2=" " tag="852"><subfield code="a">14909</subfield></datafield></record></collection>